<record><leader>00000cas a22000007a 4500</leader><controlfield tag="001">16074542</controlfield><controlfield tag="008">870625d19661989deudr ne      0    0eng  </controlfield><datafield ind1=" " ind2=" " tag="010"><subfield code="a">sn 87062252 </subfield></datafield><datafield ind1=" " ind2=" " tag="040"><subfield code="a">DLC</subfield><subfield code="b">eng</subfield><subfield code="c">DLC</subfield><subfield code="d">DEX</subfield><subfield code="d">NJW</subfield><subfield code="d">DEX</subfield><subfield code="d">OCL</subfield><subfield code="d">CRL</subfield><subfield code="d">DLC</subfield><subfield code="d">OCLCQ</subfield><subfield code="d">OCLCO</subfield><subfield code="d">OCLCF</subfield></datafield><datafield ind1=" " ind2=" " tag="019"><subfield code="a">16073755</subfield></datafield><datafield ind1="1" ind2=" " tag="029"><subfield code="a">AU@</subfield><subfield code="b">000020480514</subfield></datafield><datafield ind1=" " ind2=" " tag="042"><subfield code="a">pcc</subfield></datafield><datafield ind1=" " ind2=" " tag="043"><subfield code="a">n-us-de</subfield></datafield><datafield ind1="0" ind2="0" tag="050"><subfield code="a">Newspaper</subfield></datafield><datafield ind1="0" ind2=" " tag="130"><subfield code="a">Morning news (Wilmington, Del. : 1966)</subfield></datafield><datafield ind1="1" ind2="4" tag="245"><subfield code="a">The morning news.</subfield></datafield><datafield ind1="3" ind2="0" tag="246"><subfield code="a">News journal</subfield></datafield><datafield ind1="3" ind2="0" tag="246"><subfield code="a">Sunday news journal</subfield></datafield><datafield ind1=" " ind2=" " tag="260"><subfield code="a">Wilmington, Del. :</subfield><subfield code="b">News-Journal Co.,</subfield><subfield code="c">1966-</subfield></datafield><datafield ind1=" " ind2=" " tag="300"><subfield code="a">24 v. :</subfield><subfield code="b">ill. ;</subfield><subfield code="c">58 cm.</subfield></datafield><datafield ind1=" " ind2=" " tag="310"><subfield code="a">Daily</subfield></datafield><datafield ind1="0" ind2=" " tag="362"><subfield code="a">Vol. 169, no. 98 (Apr. 25, 1966)- ; -v. 15, no. 58 (Jan. 2, 1989).</subfield></datafield><datafield ind1=" " ind2=" " tag="500"><subfield code="a">Published on Saturdays and holidays with: Evening journal (Wilmington, Del. : 1960), and called: News journal, Sept. 1, 1975-Jan. 2, 1989.</subfield></datafield><datafield ind1=" " ind2=" " tag="500"><subfield code="a">Published on Sundays with: Evening journal (Wilmington, Del. : 1960), and called: Sunday news journal, Sept. 1, 1975-Jan. 2, 1989.</subfield></datafield><datafield ind1=" " ind2=" " tag="515"><subfield code="a">Daily, Sat. and Sun. issues have their own numbering.</subfield></datafield><datafield ind1=" " ind2=" " tag="530"><subfield code="a">Also issued on microfilm from the Micro Photo Div., Bell &amp; Howell Co.</subfield></datafield><datafield ind1=" " ind2="0" tag="651"><subfield code="a">Wilmington (Del.)</subfield><subfield code="v">Newspapers.</subfield></datafield><datafield ind1=" " ind2="7" tag="655"><subfield code="a">Newspapers.</subfield><subfield code="2">fast</subfield><subfield code="0">(OCoLC)fst01423814</subfield></datafield><datafield ind1=" " ind2="7" tag="651"><subfield code="a">Delaware</subfield><subfield code="z">Wilmington.</subfield><subfield code="2">fast</subfield><subfield code="0">(OCoLC)fst01203983</subfield></datafield><datafield ind1=" " ind2=" " tag="752"><subfield code="a">United States</subfield><subfield code="b">Delaware</subfield><subfield code="c">New Castle</subfield><subfield code="d">Wilmington.</subfield></datafield><datafield ind1="0" ind2="0" tag="780"><subfield code="t">Wilmington morning news</subfield><subfield code="w">(DLC)sn 84027021</subfield><subfield code="w">(OCoLC)10901623</subfield></datafield><datafield ind1="0" ind2="7" tag="785"><subfield code="t">Evening journal (Wilmington, Del. : 1960)</subfield><subfield code="w">(DLC)sn 83045221</subfield><subfield code="w">(OCoLC)9378215</subfield></datafield><datafield ind1="0" ind2="7" tag="785"><subfield code="t">News journal (Wilmington, Del.)</subfield><subfield code="w">(DLC)sn 87062250</subfield><subfield code="w">(OCoLC)16073699</subfield></datafield><datafield ind1="1" ind2=" " tag="787"><subfield code="t">Evening journal (Wilmington, Del. : 1960)</subfield><subfield code="w">(DLC)sn 83045221</subfield><subfield code="w">(OCoLC)9378215</subfield></datafield></record>